@article{marchand12,
author  = {Richard Marchand},
title   = {{PTetra}, a Tool to Simulate Low Orbit
           Satellite-Plasma Interaction},
journal = {IEEE Transaction on Plasma Science},
year    = {2012}
}

@book{kernighan88,
title     = {The {C} Programming Language},
author    = {Brian Wilson Kernighan and Dennis MacAlistair Ritchie},
publisher = {Prentice Hall},
year      = {1988}
}

@misc{weisstein16,
author       = {Eric W. Weisstein},
title        = {{``Fourier Transform.''
                From MathWorld---A Wolfram Web Resource}},
howpublished = {\url{http://mathworld.wolfram.com/FourierTransform.html}},
note         = {Retrieved 06.07.2016},
year         = {2016}
}